
@misc{smith_g_hall_2016,
	title = {Hall {C} {Cryotarget}},
	url = {https://userweb.jlab.org/~smithg/target/Qweak/},
	urldate = {2023-05-23},
	author = {Smith, G.},
	year = {2016},
}
