
@article{yero_hall_2019,
	title = {Hall {C} 12 {GeV} {Trigger} {Set}-{Up}},
	url = {https://hallcweb.jlab.org/DocDB/0010/001028/002/trigger_v2.pdf},
	language = {en},
	author = {Yero, Carlos},
	year = {2019},
	file = {Yero - Hall C 12 GeV Trigger Set-Up.pdf:C\:\\Users\\papatrott\\Zotero\\storage\\G6D3EUYN\\Yero - Hall C 12 GeV Trigger Set-Up.pdf:application/pdf},
}

@misc{murphy_private_2022,
	title = {Private conversation},
	author = {Murphy, J.},
	year = {2022},
}

@misc{pooser_private_2018,
	title = {Private conversation},
	author = {Pooser, E.},
	year = {2018},
}

@misc{yero_private_2018,
	title = {Private conversation},
	author = {Yero, C.},
	year = {2018},
}

@article{pooser_online_2018,
	title = {Online {Monitoring} \& {Replay} in {Hall}-{C}},
	url = {https://hallcweb.jlab.org/doc-private/ShowDocument?docid=994},
	language = {en},
	author = {Pooser, Eric and Lab, Jefferson},
	year = {2018},
	file = {Pooser and Lab - JѰ-007 Collaboration Meeting.pdf:C\:\\Users\\papatrott\\Zotero\\storage\\K3INK5QA\\Pooser and Lab - JѰ-007 Collaboration Meeting.pdf:application/pdf},
}

@article{sawatzky_shms_2011,
	title = {{SHMS} {Detector} and {Electronics} {Update}},
	language = {en},
	author = {Sawatzky, B},
	year = {2011},
	file = {Sawatzky - SHMS Detector and Electronics Update.pdf:C\:\\Users\\papatrott\\Zotero\\storage\\JEKAX58S\\Sawatzky - SHMS Detector and Electronics Update.pdf:application/pdf},
}

@article{malace_for_2018,
	title = {To {Do} {For} {Detector} {Checkout}},
	url = {https://hallcweb.jlab.org/wiki/images/b/b8/To_do_comm_fall2018_hallc.pdf},
	language = {en},
	author = {Malace, Simona},
	year = {2018},
	file = {Malace - To Do For Detector Checkout.pdf:C\:\\Users\\papatrott\\Zotero\\storage\\U49KIGZ7\\Malace - To Do For Detector Checkout.pdf:application/pdf},
}

@article{sawatzky_daq_2012,
	title = {{DAQ} \& {Software} {Options}},
	url = {https://hallcweb.jlab.org/doc-private/ShowDocument?docid=720},
	author = {Sawatzky, B.},
	year = {2012},
	file = {GeN_DAQ-Analyzer-Sawatzky.pdf:C\:\\Users\\papatrott\\Zotero\\storage\\XKWQ25JJ\\GeN_DAQ-Analyzer-Sawatzky.pdf:application/pdf},
}

@article{murphy_graphical_2022,
	title = {Graphical {Guide} to {Event} {Types}, {Prescaling}, and {EDTM}},
	author = {Murphy, J.},
	year = {2022},
	file = {Graphical_Guide_Evt_Type.pdf:C\:\\Users\\papatrott\\Zotero\\storage\\I7Y5YMZB\\Graphical_Guide_Evt_Type.pdf:application/pdf},
}

@misc{yero_quick_2023,
	title = {Quick {Question} on {L1ACCP}},
	author = {Yero, C.},
	year = {2023},
	file = {L1ACCP_Carlos_2023_attch1.PNG:C\:\\Users\\papatrott\\Zotero\\storage\\P3C2HT8K\\L1ACCP_Carlos_2023_attch1.PNG:image/png;L1ACCP_Carlos_2023_attch2.PNG:C\:\\Users\\papatrott\\Zotero\\storage\\EDIQRUML\\L1ACCP_Carlos_2023_attch2.PNG:image/png;L1ACCP_Carlos_2023.PNG:C\:\\Users\\papatrott\\Zotero\\storage\\6YN8E8M8\\L1ACCP_Carlos_2023.PNG:image/png},
}
