
@incollection{brun_history_2011,
	title = {History of the {ROOT} system: conception, evolution and experience},
	volume = {93},
	shorttitle = {History of the {ROOT} system},
	url = {https://pos.sissa.it/093/002},
	language = {en},
	urldate = {2023-06-13},
	booktitle = {Proceedings of 13th {International} {Workshop} on {Advanced} {Computing} and {Analysis} {Techniques} in {Physics} {Research} â€” {PoS}({ACAT2010})},
	publisher = {SISSA Medialab},
	author = {Brun, Rene and Canal, Philippe and Rademakers, Fons},
	month = feb,
	year = {2011},
	doi = {10.22323/1.093.0002},
	note = {Conference Name: 13th International Workshop on Advanced Computing and Analysis Techniques in Physics Research},
	pages = {002},
	file = {Full Text PDF:C\:\\Users\\papatrott\\Zotero\\storage\\4S5SUFJG\\Brun et al. - 2011 - History of the ROOT system conception, evolution .pdf:application/pdf},
}

@misc{root_team_root_2023,
	title = {{ROOT} macros and shared libraries - {ROOT}},
	url = {https://root.cern/manual/root_macros_and_shared_libraries/#compiling-root-macros-with-aclic},
	urldate = {2023-06-13},
	author = {ROOT Team},
	year = {2023},
}

@misc{jones_hall_2022,
	title = {Hall {C} {ROOT}/{C}++ {Analyzer} (hcana): {Main} {Page}},
	url = {https://hallcweb.jlab.org/hcana/docs/},
	urldate = {2023-06-13},
	author = {Jones, M. K. and Wood, S. A.},
	year = {2022},
}

@misc{brash_github_2014,
	title = {{GitHub} - {JeffersonLab}/hcana: {Hall} {C}++ {Analyzer}},
	url = {https://github.com/JeffersonLab/hcana},
	urldate = {2023-06-13},
	author = {Brash, E. and Wood, S. A.},
	year = {2014},
}
