
@misc{trotta_github_2022,
	title = {{GitHub} - trottar/lt\_analysis},
	url = {https://github.com/trottar/lt_analysis},
	urldate = {2023-06-13},
	author = {Trotta, R.},
	year = {2022},
	file = {GitHub - trottar/lt_analysis:C\:\\Users\\papatrott\\Zotero\\storage\\AS6YHDGM\\lt_analysis.html:text/html},
}

@misc{trotta_github_2020,
	title = {{GitHub} - trottar/ltsep},
	url = {https://github.com/trottar/ltsep},
	urldate = {2023-06-13},
	author = {Trotta, R.},
	year = {2020},
	file = {GitHub - trottar/ltsep:C\:\\Users\\papatrott\\Zotero\\storage\\34K9VCYP\\ltsep.html:text/html},
}

@misc{kay_github_2018,
	title = {{GitHub} - {JeffersonLab}/{UTIL}\_KAONLT: {Hall}-{C} {Online} utilities repository for the {KAONLT} experiment},
	url = {https://github.com/JeffersonLab/UTIL_KAONLT},
	urldate = {2023-06-13},
	author = {Kay, S. J. D. and Trotta, R.},
	year = {2018},
	file = {GitHub - JeffersonLab/UTIL_KAONLT\: Hall-C Online utilities repository for the KAONLT experiment:C\:\\Users\\papatrott\\Zotero\\storage\\2L5FIDVQ\\UTIL_KAONLT.html:text/html},
}

@misc{kay_github_2018-1,
	title = {{GitHub} - {JeffersonLab}/hallc\_replay\_lt: {Hall} {C} replay repo facilitating the 2018/2019 running of the {LT} separation experiments},
	url = {https://github.com/JeffersonLab/hallc_replay_lt},
	urldate = {2023-06-13},
	author = {Kay, S. J. D. and Trotta, R.},
	year = {2018},
}

@misc{pivarski_python_2021,
	title = {Python interface: {PyROOT} - {ROOT}},
	url = {https://root.cern/manual/python/},
	urldate = {2023-06-15},
	author = {Pivarski, J.},
	year = {2021},
	file = {Python interface\: PyROOT - ROOT:C\:\\Users\\papatrott\\Zotero\\storage\\RL4DP2K9\\python.html:text/html},
}

@misc{root_team_how_2023,
	title = {How to install â€” {Uproot} documentation},
	url = {https://uproot.readthedocs.io/en/latest/},
	urldate = {2023-06-15},
	author = {ROOT Team},
	year = {2023},
}

@misc{numpy_developers_numpy_2023,
	title = {{NumPy}},
	url = {https://numpy.org/},
	urldate = {2023-06-15},
	author = {NumPy Developers},
	year = {2023},
	file = {NumPy:C\:\\Users\\papatrott\\Zotero\\storage\\TVQYLVWE\\numpy.org.html:text/html},
}

@misc{numfocus_inc_pandas_2023,
	title = {pandas - {Python} {Data} {Analysis} {Library}},
	url = {https://pandas.pydata.org/},
	urldate = {2023-06-15},
	author = {NumFOCUS, Inc.},
	year = {2023},
	file = {pandas - Python Data Analysis Library:C\:\\Users\\papatrott\\Zotero\\storage\\J7KWZQTJ\\pandas.pydata.org.html:text/html},
}
