
@misc{usman_shms_2022,
	title = {{SHMS} track selection and efficiency},
	url = {https://hallcweb.jlab.org/doc-private/ShowDocument?docid=1117},
	urldate = {2023-06-17},
	author = {Usman, A.},
	year = {2022},
	file = {HallC_Analysis_Meeting_Mar_18.pdf:C\:\\Users\\papatrott\\Zotero\\storage\\EXGKM2G8\\HallC_Analysis_Meeting_Mar_18.pdf:application/pdf;HallC-doc-1117-v2\: SHMS track selection and efficiency:C\:\\Users\\papatrott\\Zotero\\storage\\HULXY8MB\\ShowDocument.html:text/html},
}

@misc{jones_track_2020,
	title = {Track {Selection} in {HCANA}},
	url = {https://hallcweb.jlab.org/doc-private/ShowDocument?docid=1062},
	urldate = {2023-06-17},
	author = {Jones, M. K.},
	year = {2020},
	file = {HallC-doc-1062-v1\: Track Selection in HCANA:C\:\\Users\\papatrott\\Zotero\\storage\\V5XDKWBZ\\ShowDocument.html:text/html;HCANA_pruning.pdf:C\:\\Users\\papatrott\\Zotero\\storage\\6INSUQNA\\HCANA_pruning.pdf:application/pdf},
}

@misc{murphy_hms_2021,
	title = {{HMS} {Optics} at {High} {Central} {Momentum}},
	url = {https://hallcweb.jlab.org/doc-private/ShowDocument?docid=1140},
	urldate = {2023-06-19},
	author = {Murphy, J.},
	year = {2021},
	file = {Murphy - 2021 - HMS Optics at High Central Momentum.pdf:C\:\\Users\\papatrott\\Zotero\\storage\\B9KVL5CU\\Murphy - 2021 - HMS Optics at High Central Momentum.pdf:application/pdf},
}

@misc{szumila-vance_notes_2019,
	title = {Notes on the {SHMS} optics in the 2017-18 run period},
	url = {https://hallcweb.jlab.org/doc-private/ShowDocument?docid=1007},
	urldate = {2023-06-19},
	author = {Szumila-Vance, H.},
	year = {2019},
	file = {shmsNote.pdf:C\:\\Users\\papatrott\\Zotero\\storage\\PCG2PUQ3\\shmsNote.pdf:application/pdf},
}

@misc{szumila-vance_commissioning_2018,
	title = {Commissioning the {HMS} optics in the 2017-2018 run period},
	url = {https://hallcweb.jlab.org/doc-private/ShowDocument?docid=998},
	urldate = {2023-06-19},
	author = {Szumila-Vance, H.},
	year = {2018},
	file = {HallC-doc-998-v2\: Commissioning the HMS optics in the 2017-2018 run period:C\:\\Users\\papatrott\\Zotero\\storage\\U3TXDS8G\\ShowDocument.html:text/html;hmsSat.pdf:C\:\\Users\\papatrott\\Zotero\\storage\\PNUA4SBD\\hmsSat.pdf:application/pdf},
}
