
@article{huber_follow-up_2018,
	title = {Follow-up: {SHMS} {HGC} work complete},
	url = {https://logbooks.jlab.org/entry/3632300},
	author = {Huber, G.},
	year = {2018},
}

@article{kay_follow-up_2019,
	title = {Follow-up {Re}: {SHMS} {HGC} {Yield} {Changes} with {Optical} {Reconfigurations}},
	url = {https://logbooks.jlab.org/entry/3661245},
	author = {Kay, S. J. D.},
	year = {2019},
}

@article{ambrose_shms_2018,
	title = {{SHMS} {HGC} {Yield} {Changes} with {Optical} {Reconfigurations}},
	url = {https://logbooks.jlab.org/entry/3637571},
	author = {Ambrose, R.},
	year = {2018},
}

@article{ambrose_changes_2018,
	title = {Changes in {HGC} {After} {Installing} {Ring} on {PMT} 1},
	url = {https://logbooks.jlab.org/entry/3570985},
	author = {Ambrose, R.},
	year = {2018},
}

@article{sawatzky_shms_2018,
	title = {{SHMS} {HGC} {PMT1} assembly modified and reinstalled},
	url = {https://logbooks.jlab.org/entry/3569752},
	author = {Sawatzky, B.},
	year = {2018},
}

@article{sawatzky_shms_2018-1,
	title = {{SHMS} {HGC} {PMT} 1, 2 reflector rings installed},
	url = {https://logbooks.jlab.org/entry/3631908},
	author = {Sawatzky, B.},
	year = {2018},
}

@article{fenker_shms_2018,
	title = {{SHMS} {Heavy}-{Gas} {Cerenkov} {Optics}: {An} {Inconclusive} {Study}},
	url = {https://hallcweb.jlab.org/DocDB/0009/000997/001/HGC_OpticsSimulationRpt_181129.pdf},
	author = {Fenker, H.},
	year = {2018},
}

@article{ambrose_shms_2018-1,
	title = {{SHMS} {HGC} {Detector} {Checkout} {Run} 6619},
	url = {https://logbooks.jlab.org/entry/3633305},
	author = {Ambrose, R.},
	year = {2018},
}

@article{ambrose_comparison_2018,
	title = {Comparison of {Optical} {Alignment} in {SHMS} {HGCER}},
	url = {https://logbooks.jlab.org/entry/3608378},
	author = {Ambrose, R.},
	year = {2018},
}
