
@article{murphy_coin_2022,
	title = {{COIN} {DAQ} {EDTM} {Studies}},
	url = {https://hallcweb.jlab.org/DocDB/0011/001191/001/COIN%20DAQ%20EDTM%20Studies.pdf},
	language = {en},
	author = {Murphy, Jacob},
	year = {2022},
	file = {Murphy - COIN DAQ EDTM Studies.pdf:C\:\\Users\\papatrott\\Zotero\\storage\\8YMDLKYS\\Murphy - COIN DAQ EDTM Studies.pdf:application/pdf},
}

@article{murphy_edtm_2022,
	title = {{EDTM} {Study} {Report}},
	url = {https://hallcweb.jlab.org/DocDB/0011/001177/002/EDTM_Study_Report.pdf},
	author = {Murphy, Jacob},
	year = {2022},
	file = {EDTM_Study_Report.pdf:C\:\\Users\\papatrott\\Zotero\\storage\\YNKI39LJ\\EDTM_Study_Report.pdf:application/pdf},
}

@article{yero_edtm_2017,
	title = {{EDTM} {Report}},
	author = {Yero, C.},
	year = {2017},
	file = {EDTM_report.pdf:C\:\\Users\\papatrott\\Zotero\\storage\\9J6SKD9Q\\EDTM_report.pdf:application/pdf},
}

@misc{thomas_jefferson_national_accelerator_facility_-_office_of_science_education_its_2023,
	title = {It's {Elemental} - {The} {Element} {Carbon}},
	url = {https://education.jlab.org/itselemental/ele006.html},
	urldate = {2023-08-20},
	author = {Thomas Jefferson National Accelerator Facility - Office of Science Education},
	year = {2023},
	file = {It's Elemental - The Element Carbon:C\:\\Users\\papatrott\\Zotero\\storage\\JTPDBMDK\\ele006.html:text/html},
}
