
@book{pathria_statistical_2011,
	title = {Statistical {Mechanics}},
	isbn = {978-0-12-382188-1},
	publisher = {Elsevier Ltd.},
	author = {Pathria, R. K. and Beale, P. D.},
	year = {2011},
}
