
@article{gaskell_longitudinal_2001,
	title = {Longitudinal {Electroproduction} of {Charged} {Pions} on {Hydrogen}, {Deuterium}, and {Helium}-3},
	url = {https://www.phy.anl.gov/mep/e91003/},
	author = {Gaskell, D.},
	year = {2001},
}
