
@article{gmp_collaboration_ionization_2015,
	title = {Ionization {Energy} {Loss}},
	url = {https://hallaweb.jlab.org/12GeV/experiment/E12-07-108/Weekly_meetings/12Oct2015/thir_12/Ioni_energy_loss.pdf},
	author = {{GMP Collaboration}},
	year = {2015},
	file = {Ioni_energy_loss.pdf:C\:\\Users\\papatrott\\Zotero\\storage\\BUIFJ7FF\\Ioni_energy_loss.pdf:application/pdf},
}
